@Article{Kou1981,
	author="Kou, L.
	and Markowsky, G.
	and Berman, L.",
	title="A fast algorithm for Steiner trees",
	journal="Acta Informatica",
	year="1981",
	month="Jun",
	day="01",
	volume="15",
	number="2",
	pages="141--145",
	issn="1432-0525",
	doi="10.1007/BF00288961",
	url="https://doi.org/10.1007/BF00288961"
}

@unpublished{EWD:EWD1082a,
	author = "Edsger W. Dijkstra and J.R. Rao",
	title = "Designing the proof of {V}izing's {T}heorem (with {J.R. Rao})",
	month = oct,
	year = "1990",
	note = "circulated privately",
	url = "http://www.cs.utexas.edu/users/EWD/ewd10xx/EWD1082a.PDF",
}

@inproceedings{10.5555/139404.139469,
	author = {F\"{u}rer, Martin and Raghavachari, Balaji},
	title = {Approximating the Minimum Degree Spanning Tree to within One from the Optimal Degree},
	year = {1992},
	isbn = {089791466X},
	publisher = {Society for Industrial and Applied Mathematics},
	address = {USA},
	booktitle = {Proceedings of the Third Annual ACM-SIAM Symposium on Discrete Algorithms},
	pages = {317–324},
	numpages = {8},
	location = {Orlando, Florida, USA},
	series = {SODA ’92}
}

@book{10.5555/1051910,
author = {Kleinberg, Jon and Tardos, Eva},
title = {Algorithm Design},
year = {2005},
isbn = {0321295358},
publisher = {Addison-Wesley Longman Publishing Co., Inc.},
address = {USA}
}

@book{10.5555/500776,
author = {Vazirani, Vijay V.},
title = {Approximation Algorithms},
year = {2001},
isbn = {3540653678},
publisher = {Springer-Verlag},
address = {Berlin, Heidelberg}
}
